@Manual{R-alphaOutlier,
  title = {alphaOutlier: Obtain Alpha-Outlier Regions for Well-Known Probability
Distributions},
  author = {Andre Rehage and Sonja Kuhnt},
  year = {2016},
  note = {R package version 1.2.0},
  url = {https://CRAN.R-project.org/package=alphaOutlier},
}

@Manual{R-base,
  title = {R: A Language and Environment for Statistical Computing},
  author = {{R Core Team}},
  organization = {R Foundation for Statistical Computing},
  address = {Vienna, Austria},
  year = {2021},
  url = {https://www.R-project.org/},
}

@Manual{R-boot,
  title = {boot: Bootstrap Functions (Originally by Angelo Canty for S)},
  author = {Angelo Canty and Brian Ripley},
  year = {2021},
  note = {R package version 1.3-28},
  url = {https://CRAN.R-project.org/package=boot},
}

@Manual{R-data.table,
  title = {data.table: Extension of `data.frame`},
  author = {Matt Dowle and Arun Srinivasan},
  year = {2021},
  note = {R package version 1.14.0},
  url = {https://CRAN.R-project.org/package=data.table},
}

@Manual{R-datamodelr,
  title = {datamodelr: Define and Plot Data Model Diagrams},
  author = {Darko Bergant},
  year = {2017},
  note = {R package version 0.2.2.9002},
  url = {https://github.com/bergant/datamodelr},
}

@Manual{R-dlookr,
  title = {dlookr: Tools for Data Diagnosis, Exploration, Transformation},
  author = {Choonghyun Ryu},
  year = {2021},
  note = {R package version 0.5.0},
  url = {https://CRAN.R-project.org/package=dlookr},
}

@Manual{R-dplyr,
  title = {dplyr: A Grammar of Data Manipulation},
  author = {Hadley Wickham and Romain François and Lionel Henry and Kirill Müller},
  year = {2021},
  note = {R package version 1.0.7},
  url = {https://CRAN.R-project.org/package=dplyr},
}

@Manual{R-factoextra,
  title = {factoextra: Extract and Visualize the Results of Multivariate Data Analyses},
  author = {Alboukadel Kassambara and Fabian Mundt},
  year = {2020},
  note = {R package version 1.0.7},
  url = {http://www.sthda.com/english/rpkgs/factoextra},
}

@Manual{R-forcats,
  title = {forcats: Tools for Working with Categorical Variables (Factors)},
  author = {Hadley Wickham},
  year = {2021},
  note = {R package version 0.5.1},
  url = {https://CRAN.R-project.org/package=forcats},
}

@Manual{R-ggplot2,
  title = {ggplot2: Create Elegant Data Visualisations Using the Grammar of Graphics},
  author = {Hadley Wickham and Winston Chang and Lionel Henry and Thomas Lin Pedersen and Kohske Takahashi and Claus Wilke and Kara Woo and Hiroaki Yutani and Dewey Dunnington},
  year = {2021},
  note = {R package version 3.3.5},
  url = {https://CRAN.R-project.org/package=ggplot2},
}

@Manual{R-gtsummary,
  title = {gtsummary: Presentation-Ready Data Summary and Analytic Result Tables},
  author = {Daniel D. Sjoberg and Michael Curry and Margie Hannum and Joseph Larmarange and Karissa Whiting and Emily C. Zabor},
  year = {2021},
  note = {R package version 1.4.2},
  url = {https://CRAN.R-project.org/package=gtsummary},
}

@Manual{R-htmlTable,
  title = {htmlTable: Advanced Tables for Markdown/HTML},
  author = {Max Gordon and Stephen Gragg and Peter Konings},
  year = {2021},
  note = {R package version 2.2.1},
  url = {https://gforge.se/packages/},
}

@Manual{R-lubridate,
  title = {lubridate: Make Dealing with Dates a Little Easier},
  author = {Vitalie Spinu and Garrett Grolemund and Hadley Wickham},
  year = {2021},
  note = {R package version 1.7.10},
  url = {https://CRAN.R-project.org/package=lubridate},
}

@Manual{R-nleqslv,
  title = {nleqslv: Solve Systems of Nonlinear Equations},
  author = {Berend Hasselman},
  year = {2018},
  note = {R package version 3.3.2},
  url = {https://CRAN.R-project.org/package=nleqslv},
}

@Manual{R-NLP,
  title = {NLP: Natural Language Processing Infrastructure},
  author = {Kurt Hornik},
  year = {2020},
  note = {R package version 0.2-1},
  url = {https://CRAN.R-project.org/package=NLP},
}

@Manual{R-purrr,
  title = {purrr: Functional Programming Tools},
  author = {Lionel Henry and Hadley Wickham},
  year = {2020},
  note = {R package version 0.3.4},
  url = {https://CRAN.R-project.org/package=purrr},
}

@Manual{R-quantreg,
  title = {quantreg: Quantile Regression},
  author = {Roger Koenker},
  year = {2021},
  note = {R package version 5.86},
  url = {https://www.r-project.org},
}

@Manual{R-readr,
  title = {readr: Read Rectangular Text Data},
  author = {Hadley Wickham and Jim Hester},
  year = {2021},
  note = {R package version 2.0.1},
  url = {https://CRAN.R-project.org/package=readr},
}

@Manual{R-Rsolnp,
  title = {Rsolnp: General Non-Linear Optimization},
  author = {Alexios Ghalanos and Stefan Theussl},
  year = {2015},
  note = {R package version 1.16},
  url = {https://CRAN.R-project.org/package=Rsolnp},
}

@Manual{R-scales,
  title = {scales: Scale Functions for Visualization},
  author = {Hadley Wickham and Dana Seidel},
  year = {2020},
  note = {R package version 1.1.1},
  url = {https://CRAN.R-project.org/package=scales},
}

@Manual{R-shiny,
  title = {shiny: Web Application Framework for R},
  author = {Winston Chang and Joe Cheng and JJ Allaire and Carson Sievert and Barret Schloerke and Yihui Xie and Jeff Allen and Jonathan McPherson and Alan Dipert and Barbara Borges},
  year = {2021},
  note = {R package version 1.6.0},
  url = {https://shiny.rstudio.com/},
}

@Manual{R-SparseM,
  title = {SparseM: Sparse Linear Algebra},
  author = {Roger Koenker},
  year = {2021},
  note = {R package version 1.81},
  url = {http://www.econ.uiuc.edu/~roger/research/sparse/sparse.html},
}

@Manual{R-stringr,
  title = {stringr: Simple, Consistent Wrappers for Common String Operations},
  author = {Hadley Wickham},
  year = {2019},
  note = {R package version 1.4.0},
  url = {https://CRAN.R-project.org/package=stringr},
}

@Manual{R-table1,
  title = {table1: Tables of Descriptive Statistics in HTML},
  author = {Benjamin Rich},
  year = {2021},
  note = {R package version 1.4.2},
  url = {https://github.com/benjaminrich/table1},
}

@Manual{R-tibble,
  title = {tibble: Simple Data Frames},
  author = {Kirill Müller and Hadley Wickham},
  year = {2021},
  note = {R package version 3.1.4},
  url = {https://CRAN.R-project.org/package=tibble},
}

@Manual{R-tidyr,
  title = {tidyr: Tidy Messy Data},
  author = {Hadley Wickham},
  year = {2021},
  note = {R package version 1.1.3},
  url = {https://CRAN.R-project.org/package=tidyr},
}

@Manual{R-tidytext,
  title = {tidytext: Text Mining using dplyr, ggplot2, and Other Tidy Tools},
  author = {David Robinson and Julia Silge},
  year = {2021},
  note = {R package version 0.3.1},
  url = {https://github.com/juliasilge/tidytext},
}

@Manual{R-tidyverse,
  title = {tidyverse: Easily Install and Load the Tidyverse},
  author = {Hadley Wickham},
  year = {2021},
  note = {R package version 1.3.1},
  url = {https://CRAN.R-project.org/package=tidyverse},
}

@Manual{R-tm,
  title = {tm: Text Mining Package},
  author = {Ingo Feinerer and Kurt Hornik},
  year = {2020},
  note = {R package version 0.7-8},
  url = {http://tm.r-forge.r-project.org/},
}

@Book{boot1997,
  title = {Bootstrap Methods and Their Applications},
  author = {A. C. Davison and D. V. Hinkley},
  publisher = {Cambridge University Press},
  address = {Cambridge},
  year = {1997},
  note = {ISBN 0-521-57391-2},
  url = {http://statwww.epfl.ch/davison/BMA/},
}

@Book{ggplot22016,
  author = {Hadley Wickham},
  title = {ggplot2: Elegant Graphics for Data Analysis},
  publisher = {Springer-Verlag New York},
  year = {2016},
  isbn = {978-3-319-24277-4},
  url = {https://ggplot2.tidyverse.org},
}

@Article{lubridate2011,
  title = {Dates and Times Made Easy with {lubridate}},
  author = {Garrett Grolemund and Hadley Wickham},
  journal = {Journal of Statistical Software},
  year = {2011},
  volume = {40},
  number = {3},
  pages = {1--25},
  url = {https://www.jstatsoft.org/v40/i03/},
}

@PhdThesis{Rsolnp1987,
  title = {Interior Algorithms for Linear, Quadratic, and Linearly Constrained Non-Linear Programming},
  author = {Yinyu Ye},
  year = {1987},
  school = {Department of {ESS}, Stanford University},
}

@Article{tidytext2016,
  title = {tidytext: Text Mining and Analysis Using Tidy Data Principles in R},
  author = {Julia Silge and David Robinson},
  doi = {10.21105/joss.00037},
  url = {http://dx.doi.org/10.21105/joss.00037},
  year = {2016},
  publisher = {The Open Journal},
  volume = {1},
  number = {3},
  journal = {JOSS},
}

@Article{tidyverse2019,
  title = {Welcome to the {tidyverse}},
  author = {Hadley Wickham and Mara Averick and Jennifer Bryan and Winston Chang and Lucy D'Agostino McGowan and Romain François and Garrett Grolemund and Alex Hayes and Lionel Henry and Jim Hester and Max Kuhn and Thomas Lin Pedersen and Evan Miller and Stephan Milton Bache and Kirill Müller and Jeroen Ooms and David Robinson and Dana Paige Seidel and Vitalie Spinu and Kohske Takahashi and Davis Vaughan and Claus Wilke and Kara Woo and Hiroaki Yutani},
  year = {2019},
  journal = {Journal of Open Source Software},
  volume = {4},
  number = {43},
  pages = {1686},
  doi = {10.21105/joss.01686},
}

@Article{tm2008,
  title = {Text Mining Infrastructure in R},
  author = {Ingo Feinerer and Kurt Hornik and David Meyer},
  year = {2008},
  journal = {Journal of Statistical Software},
  volume = {25},
  number = {5},
  pages = {1--54},
  url = {https://www.jstatsoft.org/v25/i05/},
  month = {March},
}

