
@ARTICLE{roth,
  author = {Roth, Gregory A., et al},
  year = 2020,
  title = {Global Burden of Cardiovascular Diseases and Risk Factors, 1990-2019: Update From the GBD 2019 Study.},
  journal = {Journal of the American College of Cardiology},
  volume = 76,
  number = 25,
  pages = {2982-3021},
  url = {https://www.sciencedirect.com/science/article/pii/S0735109720377755},
	doi = {10.1016/j.jacc.2020.11.010}}
  

@misc{johnson,
  author = {Johnson, A.,et al},
  year = 2016,
	title = {{MIMIC}-{III} {Clinical} {Database}},
	url = {https://physionet.org/content/mimiciii/1.4/},
	doi = {https://doi.org/10.13026/C2XW26}}

@misc{JGoldberger,
  author = {JGoldberger, A.,et al},
  year = 2000,
	title = {{PhysioBank  }-{, PhysioToolkit, and PhysioNet:} {Components of a new research resource for complex physiologic signals.} {Circulation[Online]}},
	url = {https://physionet.org/content/mimiciii/1.4/},
	volume = 101,
  number = 23,
  pages = {e215-e220},
	doi = {https://doi.org/10.13026/C2XW26}}


@misc{Okada,
  author = {Okada K,et al},
  year = 2020,
	title = {Revision of 'golden hour' for hemodynamically unstable trauma patients: an analysis of nationwide hospital-based registry in Japan. Trauma Surg Acute Care Open},
	volume = 5,
  number = 1,
  pages = {000405},
	doi = {doi: 10.1136/tsaco-2019-000405. PMID: 32201736; PMCID: PMC7066640}}


@misc{loinc,
  author = {Regenstrief Institute},
  Year = 2021,
  journal = {LOINC},
	title = {LOINC},
	url = {https://loinc.org/downloads/}}



@misc{Eagle,
  author = {Eagle KA Lim MJ, Dabbous OH, et al.},
  year = 2004,
	title = { A Validated Prediction Model for All Forms of Acute Coronary Syndrome: Estimating the Risk of 6-Month Postdischarge Death in an International Registry},
	journal = JAMA,
	volume = 291,
  number = 22,
  pages = {2727-2733},
	doi = {doi:10.1001/jama.291.22.2727}}


@misc{americanheart,
  author = {ACLS},
  year = 2020,
	title = {Acute Coronary Syndromes Algorithm - ACLS
Version control: This document follows 2020 American Heart Association guidelines for CPR and ECC. American Heart Association guidelines are updated every five years.},
	url = {https://www.acls.net/images/algo-acs.pdf}}
	

@misc{Zaiti,
  author = {Al-Zaiti, S., Besomi, L., Bouzid, Z. et al.},
  year = 2020,
  journal = {Nat Commun},
  volume = 11,
  number = 3966,
	title = { Machine learning-based prediction of acute coronary syndrome using only the pre-hospital 12-lead electrocardiogram.},
	url = {https://rdcu.be/czE2a},
	doi = {https://doi.org/10.1038/s41467-020-17804-2}}
	


@misc{SpiroGanas,
  author = {Spiro Ganas},
  title = {MIMIC-on-SQL-Server},
  year = {2018},
  publisher = {GitHub},
  journal = {GitHub repository},
  url = {https://github.com/SpiroGanas/MIMIC-on-SQL-Server}}







@Manual{R-base,
  title = {R: A Language and Environment for Statistical Computing},
  author = {{R Core Team}},
  organization = {R Foundation for Statistical Computing},
  address = {Vienna, Austria},
  year = {2021},
  url = {https://www.R-project.org/},
}

@Manual{R-bookdown,
  title = {bookdown: Authoring Books and Technical Documents with R Markdown},
  author = {Yihui Xie},
  year = {2021},
  note = {R package version 0.23},
  url = {https://CRAN.R-project.org/package=bookdown},
}

@Manual{R-shiny,
  title = {shiny: Web Application Framework for R},
  author = {Winston Chang and Joe Cheng and JJ Allaire and Carson Sievert and Barret Schloerke and Yihui Xie and Jeff Allen and Jonathan McPherson and Alan Dipert and Barbara Borges},
  year = {2021},
  note = {R package version 1.6.0},
  url = {https://shiny.rstudio.com/},
}

@Book{bookdown2016,
  title = {bookdown: Authoring Books and Technical Documents with {R} Markdown},
  author = {Yihui Xie},
  publisher = {Chapman and Hall/CRC},
  address = {Boca Raton, Florida},
  year = {2016},
  note = {ISBN 978-1138700109},
  url = {https://bookdown.org/yihui/bookdown},
}


@Manual{Rbase,
  title = {R: A Language and Environment for Statistical Computing},
  author = {{R Core Team}},
  organization = {R Foundation for Statistical Computing},
  address = {Vienna, Austria},
  year = {2021},
  url = {https://www.R-project.org/},
}

@Manual{Rdatatable,
  title = {data.table: Extension of `data.frame`},
  author = {Matt Dowle and Arun Srinivasan},
  year = {2021},
  note = {R package version 1.14.0},
  url = {https://CRAN.R-project.org/package=data.table},
}

@Manual{R-shiny,
  title = {shiny: Web Application Framework for R},
  author = {Winston Chang and Joe Cheng and JJ Allaire and Carson Sievert and Barret Schloerke and Yihui Xie and Jeff Allen and Jonathan McPherson and Alan Dipert and Barbara Borges},
  year = {2021},
  note = {R package version 1.6.0},
  url = {https://shiny.rstudio.com/},
}






