

@ARTICLE{roth,
  author = {Roth, Gregory A., et al},
  year = 2020,
  title = {Global Burden of Cardiovascular Diseases and Risk Factors, 1990-2019: Update From the GBD 2019 Study.},
  journal = {Journal of the American College of Cardiology},
  volume = 76,
  number = 25,
  pages = {2982-3021},
  url = {https://www.sciencedirect.com/science/article/pii/S0735109720377755},
	doi = {10.1016/j.jacc.2020.11.010}}
  

  
@misc{johnson,
  author = {Johnson, A.,et al},
  year = 2016,
	title = {{MIMIC}-{III} {Clinical} {Database}},
	url = {https://physionet.org/content/mimiciii/1.4/},
	doi = {https://doi.org/10.13026/C2XW26}}

@misc{JGoldberger,
  author = {JGoldberger, A.,et al},
  year = 2000,
	title = {{PhysioBank  }-{, PhysioToolkit, and PhysioNet:} {Components of a new research resource for complex physiologic signals.} {Circulation[Online]}},
	url = {https://physionet.org/content/mimiciii/1.4/},
	volume = 101,
  number = 23,
  pages = {e215-e220},
	doi = {https://doi.org/10.13026/C2XW26}}


@misc{Okada,
  author = {Okada K,et al},
  year = 2020,
	title = {Revision of 'golden hour' for hemodynamically unstable trauma patients: an analysis of nationwide hospital-based registry in Japan. Trauma Surg Acute Care Open},
	volume = 5,
  number = 1,
  pages = {000405},
	doi = {doi: 10.1136/tsaco-2019-000405. PMID: 32201736; PMCID: PMC7066640}}



